<?xml version="1.0" encoding="UTF-8"?><collection xmlns="http://www.loc.gov/MARC21/slim"><record><leader>00507nam--2200181-u-4500</leader><controlfield tag="001">000050486</controlfield><controlfield tag="002">20161230</controlfield><controlfield tag="005">20161230201048</controlfield><controlfield tag="008">070405s1000------------r-----000-0-eng-d</controlfield><datafield ind1=" " ind2=" " tag="020"><subfield code="a">981256649</subfield></datafield><datafield ind1=" " ind2=" " tag="040"><subfield code="a">IFIN-HH</subfield></datafield><datafield ind1=" " ind2=" " tag="080"><subfield code="a">(530.1:140.8):(530.01...530.03)</subfield></datafield><datafield ind1="1" ind2=" " tag="100"><subfield code="a">Wilczek, F</subfield></datafield><datafield ind1="1" ind2="0" tag="245"><subfield code="a">Fantastic realities</subfield><subfield code="b">49 mind journeys and a trip to stockholm</subfield><subfield code="c">Frank wilczek</subfield></datafield><datafield ind1=" " ind2=" " tag="260"><subfield code="a">New Jersey</subfield><subfield code="b">World Scientific</subfield><subfield code="c">2006</subfield></datafield><datafield ind1=" " ind2=" " tag="300"><subfield code="a">IX+522 p</subfield></datafield><datafield ind1=" " ind2=" " tag="852"><subfield code="a">81876</subfield><subfield code="c">53</subfield></datafield><datafield ind1=" " ind2=" " tag="CAT"><subfield code="a">Sys</subfield><subfield code="c">20151012</subfield><subfield code="h">082044</subfield></datafield></record></collection>